1752 2953
232 189 397 226 manos
415 175 583 225 fratres
604 163 827 239 (Cretam
842 180 888 220 et
908 167 1073 220 Silices
1085 169 1137 236 );
1163 170 1546 237 necproscribere
1558 171 1650 223 Ge·

229 261 361 305 nera,
380 261 502 311 quae
523 254 694 293 natura
726 241 918 289 ciuitate
934 238 1134 288 donauit
1157 238 1406 303 (Humum
1419 276 1434 300 ‚
1465 243 1650 303 Cotem,

228 313 281 362 N
285 314 463 379 itrum)
481 331 496 374 3
529 330 616 362 nec
636 312 845 377 separare
867 324 987 375 quae
1009 307 1124 357 haec
1139 308 1380 358 foederato
1412 312 1652 360 connubio

228 382 481 432 coniunxit
502 381 526 447 (
541 381 675 448 Spati
700 381 734 432 s.
753 376 921 428 Schisti
952 377 1165 446 species).
1711 382 1713 384 ’

119 463 604 502 LITHOGENESIAM
644 447 842 497 studiose
863 446 915 493 in
949 446 1198 494 itineribus
1226 443 1459 512 quaestui,
1492 444 1656 494 didici-

232 538 326 589 que
345 537 449 568 eam
472 517 653 569 absolui
676 515 1075 580 Praecipitatione
1098 525 1145 562 et
1155 514 1572 579 Crystallisatione‚
1587 526 1651 564 at·

114 646 117 648 ,
164 650 174 655 -
228 606 327 657 ‚que
346 586 520 639 Terras
540 584 788 653 prosterni,
816 582 889 631 sed
914 585 1194 650 Quartam,
1213 585 1433 650 Spatura,
1452 585 1655 633 Micam-

231 675 325 726 que
354 659 606 723 exsurgere.
676 654 853 703 Terras
880 653 1103 701 femineas
1138 651 1248 700 dein
1282 653 1603 718 impraegnari
1625 671 1657 702 a

231 727 419 778 Salibus
434 724 666 783 masculis,
682 722 790 771 inde
797 739 887 789 que
899 721 1147 787 prognasci
1159 721 1210 769 N
1213 722 1457 780 obiliores;
1483 721 1656 771 horum

233 812 347 844 vero
366 796 599 862 plurimos
617 811 646 841 a
667 793 847 850 Marte9·
865 802 1032 856 proteo
1054 791 1204 856 magis
1226 791 1462 852 mutabili,
1485 809 1574 858 pro
1587 791 1657 841 in-

232 858 343 912 dole
374 864 689 931 cuiuscunque
716 860 941 924 coniugis.

119 947 347 985 'ALIVM
369 928 770 996 metamorphosin
788 929 1048 978 etiamnum
1072 927 1301 976 occlusam
1312 926 1583 993 Lithologis
1598 927 1659 976 se-

233 1003 309 1051 rio
339 1001 620 1050 'commendo
639 1036 654 1061 ‚
693 1015 816 1066 quae
840 995 875 1045 sl
901 1014 1046 1063 aeque
1074 1009 1238 1064 aperta
1271 998 1412 1046 fuerit
1443 1015 1497 1045 ac
1517 996 1659 1052 hodie

234 1071 496 1120 Terrarum
517 1071 686 1129 ianua,
715 1084 842 1116 noua
862 1066 947 1114 lux
973 1066 1220 1132 affulgebit
1242 1066 1454 1131 lapidum
1491 1064 1659 1132 genesi.

236 1140 499 1206 Crystallos
523 1137 771 1205 lapidosas,
794 1135 922 1203 quod
942 1135 1127 1184 Salibus
1152 1135 1329 1186 dudum
1365 1136 1537 1184 subieci
1562 1134 1659 1199 (ob

162 1230 169 1235 Χ
236 1210 444 1258 rationes
466 1209 581 1258 alibi
615 1205 692 1272 (*)
721 1206 882 1263 dataS,
906 1215 953 1253 et
974 1204 1190 1268 pluribus
1210 1205 1319 1253 dein
1347 1204 1659 1259 confirmatas,

236 1277 450 1345 adeoque
474 1296 571 1327 non
596 1273 876 1337 mutandas)
897 1290 925 1320 a
953 1271 1096 1321 variis
1123 1273 1425 1340 reprehensus
1459 1274 1554 1333 fui,
1583 1272 1660 1331 sed

235 1348 321 1396 vix
346 1349 404 1396 ab
429 1348 552 1407 aliis,
577 1362 715 1413 quam
737 1345 823 1412 qui
850 1343 1068 1408 ignorant
1079 1377 1097 1402 a
1113 1343 1229 1411 quid
1249 1341 1423 1403 distent
1445 1343 1612 1392 Silices
1632 1359 1661 1390 a

236 1416 390 1466 Calce.
1042 1416 1045 1419 ’
1212 1431 1213 1438 ¹

123 1488 441 1535 rE'rRA'RvM
467 1480 656 1531 ordines
677 1479 888 1542 nomine,
908 1496 1007 1531 non
1029 1495 1143 1527 vero
1166 1480 1342 1540 omine,
1361 1479 1562 1542 mutaui,
1587 1479 1660 1534 vti

242 1554 422 1603 dudum
455 1550 760 1610 Mammalia,
794 1565 855 1602 nc
886 1547 1289 1607 hallucinarentur
1322 1547 1497 1597 friuoli.

119 1626 341 1675 TERRAS
377 1621 656 1679 Primitiuas
677 1620 894 1669 lubenter
917 1616 1072 1668 Petris
1094 1616 1449 1684 praemisissem,
1476 1615 1512 1665 fi
1533 1617 1661 1683 leges

239 1691 373 1743 Artis
394 1702 442 1741 et
466 1691 680 1740 Naturae
706 1686 988 1737 admififl'ent
1003 1722 1020 1747 ,
1046 1685 1125 1735 sed
1145 1686 1425 1754 praeuidens
1454 1703 1528 1734 me
1546 1687 1659 1734 inci-

237 1761 429 1810 dentem
447 1760 500 1809 in
526 1759 742 1825 Scyllam
767 1758 1034 1824 cupientem
1069 1756 1219 1806 vitare
1240 1754 1550 1822 Charybdin,
1581 1757 1661 1804 ob-

236 1830 420 1880 seruaui
449 1829 661 1878 Naturae
679 1826 875 1890 fimplex
901 1827 1003 1877 veri
1016 1823 1231 1892 figillunr
1243 1843 1331 1894 per
1351 1824 1582 1874 circulum
1590 1824 1659 1875 in-

235 1900 394 1967 cipere
415 1898 497 1948 vbi
523 1894 690 1947 definit
723 1895 846 1961 (**).

351 2021 552 2079 Vpsaliae
586 2023 703 2076 1768.

1403 2591 1569 2661 RE·

179 2783 233 2837 (⁴⁹)
264 2782 494 2830 Amoenitat.
520 2784 696 2828 Academ.
722 2800 756 2828 ι.
778 2765 834 2842 p}
850 2798 944 2838 454.

177 2839 250 2892 (¹⁵⁸)
279 2838 419 2885 Salom.
453 2838 493 2883 C
495 2855 574 2884 onc-
598 2840 680 2890 ΙΙΙ,
696 2845 767 2884 ‘m
